@article{lee2005impact,
  title={The impact of research collaboration on scientific productivity},
  author={Lee, Sooho and Bozeman, Barry},
  journal={Soc Stud Sci},
  volume={35},
  number={5},
  pages={673--702},
  year={2005},
  publisher={Sage Publications}
}

@incollection{lopes2010collaboration,
  title={Collaboration recommendation on academic social networks},
  author={Lopes, Giseli Rabello and Moro, Mirella M and Wives, Leandro Krug and De Oliveira, Jos{\'e} Palazzo Moreira},
  booktitle={Advances in Conceptual Modeling--Applications and Challenges},
  pages={190--199},
  year={2010},
  publisher={Springer}
}

@inproceedings{gollapalli2012similar,
  title={Similar researcher search in academic environments},
  author={Gollapalli, Sujatha Das and Mitra, Prasenjit and Giles, C Lee},
  booktitle={Proc. ACM/IEEE JCDL},
  pages={167--170},
  year={2012}
}

@article{kim2010collaborative,
  title={Collaborative filtering based on collaborative tagging for enhancing the quality of recommendation},
  author={Kim, Heung-Nam and Ji, Ae-Ttie and Ha, Inay and Jo, Geun-Sik},
  journal={Electron Commer Res Appl},
  volume={9},
  number={1},
  pages={73--83},
  year={2010},
  publisher={Elsevier}
}

@inproceedings{li2014acrec,
  title={ACRec: a co-authorship based random walk model for academic collaboration recommendation},
  author={Li, Jing and Xia, Feng and Wang, Wei and Chen, Zhen and Asabere, Nana Yaw and Jiang, Huizhen},
  booktitle={Proc. WWW},
  pages={1209--1214},
  year={2014}
}

@article{xia2014mvcwalker,
  title={MVCWalker: Random Walk Based Most Valuable Collaborators Recommendation Exploiting Academic Factors},
  author={Xia, Feng and Chen, Zhen and Wang, Wei and Li, Jing and Yang, Laurence T},
  journal={IEEE Trans Emerg Top Comput},
  volume={2},
  number={3},
  pages={364-375},
  year={2014},
  publisher={IEEE}
}

@article{chaiwanarom2014collaborator,
  title={Collaborator Recommendation in Interdisciplinary Computer Science Using Degrees of Collaborative Forces, Temporal Evolution of Research Interest, and Comparative Seniority Status},
  author={Chaiwanarom, Paweena and Lursinsap, Chidchanok},
  journal={Knowledge-Based Systems},
  year={2014},
  publisher={Elsevier}
}

@article{li2014author,
  title={The Author-Topic-Community model for author interest profiling and community discovery},
  author={Li, Chunshan and Cheung, William K and Ye, Yunming and Zhang, Xiaofeng and Chu, Dianhui and Li, Xin},
  journal={Knowledge and Information Systems},
  pages={1--25},
  year={2014},
  publisher={Springer}
}

@incollection{petertonkoker2014scientific,
  title={Scientific Recommendations to Enhance Scholarly Awareness and Foster Collaboration},
  author={Petertonkoker, Jan and Reinhardt, Wolfgang and Surve, Junaid and Sureka, Pragati},
  booktitle={Recommender Systems for Technology Enhanced Learning},
  pages={283--306},
  year={2014},
  publisher={Springer}
}

@article{xia2014socially,
  title={Socially Aware Conference Participant Recommendation With Personality Traits},
  author={Xia, Feng and Asabere, Nana Yaw and Liu, Haifeng and Chen, Zhen and Wang, Wei},
  journal={IEEE Systems Journal},
  year={2014},
  doi={10.1109/JSYST.2014.2342375},
  publisher={IEEE}
}

@article{lee2011recommending,
  title={Recommending collaborators using social features and mesh terms},
  author={Lee, Danielle H and Brusilovsky, Peter and Schleyer, Titus},
  journal={Proceedings of the American Society for Information Science and Technology},
  volume={48},
  number={1},
  pages={1--10},
  year={2011},
  publisher={Wiley Online Library}
}

@inproceedings{chen2011collabseer,
  title={Collabseer: a search engine for collaboration discovery},
  author={Chen, Hung-Hsuan and Gou, Liang and Zhang, Xiaolong and Giles, Clyde Lee},
  booktitle={Proc. ACM/IEEE JCDL},
  pages={231--240},
  year={2011}
}

@inproceedings{cohen2013recommending,
  title={Recommending collaborators using keywords},
  author={Cohen, Sara and Ebel, Lior},
  booktitle={Proc. WWW},
  pages={959--962},
  year={2013}
}

@inproceedings{pan2010research,
  title={Research paper recommendation with topic analysis},
  author={Pan, Chenguang and Li, Wenxin},
  booktitle={ICCDA},
  volume={4},
  pages={V4--264},
  year={2010}
}

@article{pham2011clustering,
  title={A Clustering Approach for Collaborative Filtering Recommendation Using Social Network Analysis.},
  author={Pham, Manh Cuong and Cao, Yiwei and Klamma, Ralf and Jarke, Matthias},
  journal={J. UCS},
  volume={17},
  number={4},
  pages={583--604},
  year={2011}
}

@inproceedings{chen2009make,
  title={Make new friends, but keep the old: recommending people on social networking sites},
  author={Chen, Jilin and Geyer, Werner and Dugan, Casey and Muller, Michael and Guy, Ido},
  booktitle={Proc. SIGCHI},
  pages={201--210},
  year={2009}
}

@inproceedings{dimicco2008motivations,
  title={Motivations for social networking at work},
  author={DiMicco, Joan and Millen, David R and Geyer, Werner and Dugan, Casey and Brownholtz, Beth and Muller, Michael},
  booktitle={Proce. ACM CSCW},
  pages={711--720},
  year={2008}
}

@inproceedings{tang2012cross,
  title={Cross-domain collaboration recommendation},
  author={Tang, Jie and Wu, Sen and Sun, Jimeng and Su, Hang},
  booktitle={Proc. SIGKDD},
  pages={1285--1293},
  year={2012}
}

@inproceedings{ma2011recommender,
  title={Recommender systems with social regularization},
  author={Ma, Hao and Zhou, Dengyong and Liu, Chao and Lyu, Michael R and King, Irwin},
  booktitle={Proc.ACM WSDM},
  pages={287--296},
  year={2011}
}

@incollection{huynh2013trend,
  title={Trend Based Vertex Similarity for Academic Collaboration Recommendation},
  author={Huynh, Tin and Hoang, Kiem and Lam, Dao},
  booktitle={Computational Collective Intelligence. Technologies and Applications},
  pages={11--20},
  year={2013},
  publisher={Springer}
}

@inproceedings{chen2012discovering,
  title={Discovering missing links in networks using vertex similarity measures},
  author={Chen, Hung-Hsuan and Gou, Liang and Zhang, Xiaolong Luke and Giles, C Lee},
  booktitle={Proc. ACM SAC},
  pages={138--143},
  year={2012}
}

@inproceedings{sun2011co,
  title={Co-author relationship prediction in heterogeneous bibliographic networks},
  author={Sun, Yizhou and Barber, Rick and Gupta, Manish and Aggarwal, Charu C and Han, Jiawei},
  booktitle={ASONAM},
  pages={121--128},
  year={2011},
  organization={IEEE}
}

@inproceedings{lichtenwalter2010new,
  title={New perspectives and methods in link prediction},
  author={Lichtenwalter, Ryan N and Lussier, Jake T and Chawla, Nitesh V},
  booktitle={Proc. SIGKDD},
  pages={243--252},
  year={2010}
}

@article{Ley:DBLP,
 author = {Michael Ley},
 title = {DBLP: some lessons learned},
 journal = {Proceedings VLDB Endowment},
 volume = {2},
 number = {2},
 year = {2009},
 pages = {1493-1500},
 publisher = {VLDB Endowment}
}

@incollection{shani2011evaluating,
  title={Evaluating recommendation systems},
  author={Shani, Guy and Gunawardana, Asela},
  booktitle={Recommender systems handbook},
  pages={257--297},
  year={2011},
  publisher={Springer}
}


%-----------------------------------------------


@inproceedings{brandao2013using,
  title={Using link semantics to recommend collaborations in academic social networks},
  author={Brand{\~a}o, Michele A and Moro, Mirella M and Lopes, Giseli Rabello and Oliveira, Jos{\'e} PM},
  booktitle={Proc. WWW},
  pages={833--840},
  year={2013}
}
@inproceedings{benchettara2010supervised,
  title={A supervised machine learning link prediction approach for academic collaboration recommendation},
  author={Benchettara, Nesserine and Kanawati, Rushed and Rouveirol, C{\'e}line},
  booktitle={Proc. ACM RecSys},
  pages={253--256},
  year={2010}
}
@inproceedings{brandao2012affiliation,
  title={Affiliation Influence on Recommendation in Academic Social Networks.},
  author={Brand{\~a}o, Michele A and Moro, Mirella M},
  booktitle={Proc. AMW},
  pages={230--234},
  year={2012}
}

@inproceedings{mikolov2013distributed,
  title={Distributed representations of words and phrases and their compositionality},
  author={Mikolov, Tomas and Sutskever, Ilya and Chen, Kai and Corrado, Greg S and Dean, Jeff},
  booktitle={Advances in NIPS},
  pages={3111--3119},
  year={2013}
}

@inproceedings{huynh2014collaborator,
  title={Collaborator Recommendation for Isolated Researchers},
  author={Huynh, Tin and Takasu, Atsuhiro and Masada, Tomonari and Hoang, Kiem},
  booktitle={WAINA, 2014 28th International Conference on},
  pages={639--644},
  year={2014},
  organization={IEEE}
}

@inproceedings{freyne2010social,
  title={Social networking feeds: recommending items of interest},
  author={Freyne, Jill and Berkovsky, Shlomo and Daly, Elizabeth M and Geyer, Werner},
  booktitle={Proc. ACM RecSys},
  pages={277--280},
  year={2010},
  organization={ACM}
}

@inproceedings{balog2007finding,
  title={Finding similar experts},
  author={Balog, Krisztian and de Rijke, Maarten},
  booktitle={Proc. SIGIR},
  pages={821--822},
  year={2007}
}

@article{liben2007link,
  title={The link-prediction problem for social networks},
  author={Liben-Nowell, David and Kleinberg, Jon},
  journal={Journal of the American society for information science and technology},
  volume={58},
  number={7},
  pages={1019--1031},
  year={2007},
  publisher={Wiley Online Library}
}

@article{pavlov2007finding,
  title={Finding Experts by Link Prediction in Co-authorship Networks.},
  author={Pavlov, Milen and Ichise, Ryutaro},
  journal={FEWS},
  volume={290},
  pages={42--55},
  year={2007},
  publisher={Citeseer}
}

@article{barabasi2002evolution,
  title={Evolution of the social network of scientific collaborations},
  author={Barab{\^a}si, Albert-Laszlo and Jeong, Hawoong and N{\'e}da, Zoltan and Ravasz, Erzsebet and Schubert, Andras and Vicsek, Tamas},
  journal={Physica A: Statistical mechanics and its applications},
  volume={311},
  number={3},
  pages={590--614},
  year={2002},
  publisher={Elsevier}
}

@article{goldberg2014word2vec,
  title={word2vec Explained: deriving Mikolov et al.'s negative-sampling word-embedding method},
  author={Goldberg, Yoav and Levy, Omer},
  journal={arXiv preprint arXiv:1402.3722},
  year={2014}
}

@article{blei2003latent,
  title={Latent dirichlet allocation},
  author={Blei, David M and Ng, Andrew Y and Jordan, Michael I},
  journal={the Journal of machine Learning research},
  volume={3},
  pages={993--1022},
  year={2003},
  publisher={JMLR. org}
}
