@incollection{lopes2010collaboration,
  title={Collaboration recommendation on academic social networks},
  author={Lopes, Giseli Rabello and Moro, Mirella M and Wives, Leandro Krug and De Oliveira, Jos{\'e} Palazzo Moreira},
  booktitle={Advances in Conceptual Modeling--Applications and Challenges},
  pages={190--199},
  year={2010},
  publisher={Springer}
}

@inproceedings{brandao2013using,
  title={Using link semantics to recommend collaborations in academic social networks},
  author={Brand{\~a}o, Michele A and Moro, Mirella M and Lopes, Giseli Rabello and Oliveira, Jos{\'e} PM},
  booktitle={Proc. WWW},
  pages={833--840},
  year={2013}
}
@inproceedings{benchettara2010supervised,
  title={A supervised machine learning link prediction approach for academic collaboration recommendation},
  author={Benchettara, Nesserine and Kanawati, Rushed and Rouveirol, C{\'e}line},
  booktitle={Proc. ACM RecSys},
  pages={253--256},
  year={2010}
}
@inproceedings{brandao2012affiliation,
  title={Affiliation Influence on Recommendation in Academic Social Networks.},
  author={Brand{\~a}o, Michele A and Moro, Mirella M},
  booktitle={Proc. AMW},
  pages={230--234},
  year={2012}
}

@article{Ley:DBLP,
 author = {Michael Ley},
 title = {DBLP: some lessons learned},
 journal = {Proceedings of the VLDB Endowment},
 volume = {2},
 number = {2},
 year = {2009},
 pages = {1493-1500},
 publisher = {VLDB Endowment}
}

@incollection{shani2011evaluating,
  title={Evaluating recommendation systems},
  author={Shani, Guy and Gunawardana, Asela},
  booktitle={Recommender systems handbook},
  pages={257--297},
  year={2011},
  publisher={Springer}
}

@inproceedings{li2014acrec,
  title={ACRec: a co-authorship based random walk model for academic collaboration recommendation},
  author={Li, Jing and Xia, Feng and Wang, Wei and Chen, Zhen and Asabere, Nana Yaw and Jiang, Huizhen},
  booktitle={Proceedings of the companion publication of the 23rd international conference on World wide web companion},
  pages={1209--1214},
  year={2014},
  organization={International World Wide Web Conferences Steering Committee}
}

@inproceedings{mikolov2013distributed,
  title={Distributed representations of words and phrases and their compositionality},
  author={Mikolov, Tomas and Sutskever, Ilya and Chen, Kai and Corrado, Greg S and Dean, Jeff},
  booktitle={Advances in Neural Information Processing Systems},
  pages={3111--3119},
  year={2013}
}

@inproceedings{huynh2014collaborator,
  title={Collaborator Recommendation for Isolated Researchers},
  author={Huynh, Tin and Takasu, Atsuhiro and Masada, Tomonari and Hoang, Kiem},
  booktitle={Advanced Information Networking and Applications Workshops (WAINA), 2014 28th International Conference on},
  pages={639--644},
  year={2014},
  organization={IEEE}
}

@article{lee2005impact,
  title={The impact of research collaboration on scientific productivity},
  author={Lee, Sooho and Bozeman, Barry},
  journal={Social studies of science},
  volume={35},
  number={5},
  pages={673--702},
  year={2005},
  publisher={Sage Publications}
}

@article{lee2011recommending,
  title={Recommending collaborators using social features and mesh terms},
  author={Lee, Danielle H and Brusilovsky, Peter and Schleyer, Titus},
  journal={Proceedings of the American Society for Information Science and Technology},
  volume={48},
  number={1},
  pages={1--10},
  year={2011},
  publisher={Wiley Online Library}
}

@article{lee2011recommending,
  title={Recommending collaborators using social features and mesh terms},
  author={Lee, Danielle H and Brusilovsky, Peter and Schleyer, Titus},
  journal={Proceedings of the American Society for Information Science and Technology},
  volume={48},
  number={1},
  pages={1--10},
  year={2011},
  publisher={Wiley Online Library}
}

@inproceedings{freyne2010social,
  title={Social networking feeds: recommending items of interest},
  author={Freyne, Jill and Berkovsky, Shlomo and Daly, Elizabeth M and Geyer, Werner},
  booktitle={Proceedings of the fourth ACM conference on Recommender systems},
  pages={277--280},
  year={2010},
  organization={ACM}
}

@inproceedings{chen2011collabseer,
  title={Collabseer: a search engine for collaboration discovery},
  author={Chen, Hung-Hsuan and Gou, Liang and Zhang, Xiaolong and Giles, Clyde Lee},
  booktitle={Proceedings of the 11th annual international ACM/IEEE joint conference on Digital libraries},
  pages={231--240},
  year={2011},
  organization={ACM}
}

@inproceedings{chen2012discovering,
  title={Discovering missing links in networks using vertex similarity measures},
  author={Chen, Hung-Hsuan and Gou, Liang and Zhang, Xiaolong Luke and Giles, C Lee},
  booktitle={Proceedings of the 27th Annual ACM Symposium on Applied Computing},
  pages={138--143},
  year={2012},
  organization={ACM}
}

@inproceedings{balog2007finding,
  title={Finding similar experts},
  author={Balog, Krisztian and de Rijke, Maarten},
  booktitle={Proceedings of the 30th annual international ACM SIGIR conference on Research and development in information retrieval},
  pages={821--822},
  year={2007},
  organization={ACM}
}

@inproceedings{gollapalli2012similar,
  title={Similar researcher search in academic environments},
  author={Gollapalli, Sujatha Das and Mitra, Prasenjit and Giles, C Lee},
  booktitle={Proceedings of the 12th ACM/IEEE-CS joint conference on Digital Libraries},
  pages={167--170},
  year={2012},
  organization={ACM}
}

@incollection{huynh2013trend,
  title={Trend Based Vertex Similarity for Academic Collaboration Recommendation},
  author={Huynh, Tin and Hoang, Kiem and Lam, Dao},
  booktitle={Computational Collective Intelligence. Technologies and Applications},
  pages={11--20},
  year={2013},
  publisher={Springer}
}

@inproceedings{pan2010research,
  title={Research paper recommendation with topic analysis},
  author={Pan, Chenguang and Li, Wenxin},
  booktitle={Computer Design and Applications (ICCDA), 2010 International Conference on},
  volume={4},
  pages={V4--264},
  year={2010},
  organization={IEEE}
}

@article{liben2007link,
  title={The link-prediction problem for social networks},
  author={Liben-Nowell, David and Kleinberg, Jon},
  journal={Journal of the American society for information science and technology},
  volume={58},
  number={7},
  pages={1019--1031},
  year={2007},
  publisher={Wiley Online Library}
}

@inproceedings{sun2011co,
  title={Co-author relationship prediction in heterogeneous bibliographic networks},
  author={Sun, Yizhou and Barber, Rick and Gupta, Manish and Aggarwal, Charu C and Han, Jiawei},
  booktitle={Advances in Social Networks Analysis and Mining (ASONAM), 2011 International Conference on},
  pages={121--128},
  year={2011},
  organization={IEEE}
}

@article{pham2011clustering,
  title={A Clustering Approach for Collaborative Filtering Recommendation Using Social Network Analysis.},
  author={Pham, Manh Cuong and Cao, Yiwei and Klamma, Ralf and Jarke, Matthias},
  journal={J. UCS},
  volume={17},
  number={4},
  pages={583--604},
  year={2011}
}
